%%%%%%%%%%%%%%%%%%%%%%%%%%%%%% -*- Mode: Latex -*- %%%%%%%%%%%%%%%%%%%%%%%%%%%%
%% Bibliography.tex -- 
%% Author          : Ben Rotter
%% Created On      : Fri Oct  2 16:30:18 1998
%% Last Modified By: Ben Rotter
%% Last Modified On: Fri Oct  2 16:30:25 1998
%% RCS: $Id: Bibliography.tex,v 1.1 1998/10/06 02:06:30 rbrewer Exp $
%%%%%%%%%%%%%%%%%%%%%%%%%%%%%%%%%%%%%%%%%%%%%%%%%%%%%%%%%%%%%%%%%%%%%%%%%%%%%%%
%%   Copyright (C) 1998 Robert Brewer
%%%%%%%%%%%%%%%%%%%%%%%%%%%%%%%%%%%%%%%%%%%%%%%%%%%%%%%%%%%%%%%%%%%%%%%%%%%%%%%
%% 

%I'm going to put the whole bibliography in it's own file because that seems like a good plan

@article{LABASICPAPER,
title = "The large analog bandwidth recorder and digitizer with ordered readout (LABRADOR) \{ASIC\} ",
journal = "Nuclear Instruments and Methods in Physics Research Section A: Accelerators, Spectrometers, Detectors and Associated Equipment ",
volume = "583",
number = "2–3",
pages = "447 - 460",
year = "2007",
note = "",
issn = "0168-9002",
doi = "http://dx.doi.org/10.1016/j.nima.2007.09.013",
url = "http://www.sciencedirect.com/science/article/pii/S0168900207019687",
author = "G.S. Varner and L.L. Ruckman and J.W. Nam and R.J. Nichol and J. Cao and P.W. Gorham and M. Wilcox",
keywords = "Neutrino radio detection",
keywords = "VLSI",
keywords = "CMOS",
keywords = "Waveform sampling "
}

@article{GZK,
  title = {End to the Cosmic-Ray Spectrum?},
  author = {Greisen, Kenneth},
  journal = {Phys. Rev. Lett.},
  volume = {16},
  issue = {17},
  pages = {748--750},
  numpages = {0},
  year = {1966},
  month = {Apr},
  publisher = {American Physical Society},
  doi = {10.1103/PhysRevLett.16.748},
  url = {http://link.aps.org/doi/10.1103/PhysRevLett.16.748}
}

@article{Olive:2016xmw,
      author         = "Patrignani, C. and others",
      title          = "{Review of Particle Physics}",
      collaboration  = "Particle Data Group",
      journal        = "Chin. Phys.",
      volume         = "C40",
      year           = "2016",
      number         = "10",
      pages          = "100001",
      doi            = "10.1088/1674-1137/40/10/100001",
      SLACcitation   = "%%CITATION = CHPHD,C40,100001;%%"
}

@article{HessCosmicRay,
	title = "Spontaneous ionization to subatomic physics: Victor Hess to Peter Higgs",
	journal = "Nuclear Physics B - Proceedings Supplements",
	volume = "243",
	number = "",
	pages = "3 - 11",
	year = "2013",
	note = "",
	issn = "0920-5632",
	doi = "http://dx.doi.org/10.1016/j.nuclphysbps.2013.09.008",
	url = "http://www.sciencedirect.com/science/article/pii/S092056321300532X",
	author = "Alessandro De Angelis",

}

@article{RevModPhys.71.S33,
  title = {Astrophysics},
  author = {Field, George},
  journal = {Rev. Mod. Phys.},
  volume = {71},
  issue = {2},
  pages = {S33--S40},
  numpages = {0},
  year = {1999},
  month = {Mar},
  publisher = {American Physical Society},
  doi = {10.1103/RevModPhys.71.S33},
  url = {http://link.aps.org/doi/10.1103/RevModPhys.71.S33}
}

@article{GZKMeasurement,
  author = {High Resolution Flys Eye Collaboration},
  title = {First Observation of the Greisen-Zatsepin-Kuzmin Suppression},
  journal = {Phys. Rev. Lett.},
  volume = {100},
  issue = {10},
  pages = {101101},
  numpages = {5},
  year = {2008},
  month = {Mar},
  publisher = {American Physical Society},
  doi = {10.1103/PhysRevLett.100.101101},
  url = {http://link.aps.org/doi/10.1103/PhysRevLett.100.101101}
}

@article{neutrinoCrossSectionMeasurements,
  title = {From eV to EeV: Neutrino cross sections across energy scales},
  author = {Formaggio, J. A. and Zeller, G. P.},
  journal = {Rev. Mod. Phys.},
  volume = {84},
  issue = {3},
  pages = {1307--1341},
  numpages = {0},
  year = {2012},
  month = {Sep},
  publisher = {American Physical Society},
  doi = {10.1103/RevModPhys.84.1307},
  url = {http://link.aps.org/doi/10.1103/RevModPhys.84.1307}
}

@article{neutrinoCrossSectionExtrapolation,
title = "Ultrahigh-energy neutrino interactions ",
journal = "Astroparticle Physics ",
volume = "5",
number = "2",
pages = "81 - 110",
year = "1996",
note = "",
issn = "0927-6505",
doi = "http://dx.doi.org/10.1016/0927-6505(96)00008-4",
url = "//www.sciencedirect.com/science/article/pii/0927650596000084",
author = "Raj Gandhi and Chris Quigg and Mary Hall Reno and Ina Sarcevic",
keywords = "Neutrino astronomy",
keywords = "Neutrino-nucleon scattering",
keywords = "Neutrino-electron scattering "
}


@article{WMAPCMBResults,
title = "Nine-Year Wilkinson Microwave Anisotropy Probe (WMAP) Observations: Final Maps and Results",
journal = "The Astrophysical Journal Supplement Series",
volume = "208",
number = "2",
year = "2013",
month = "Sept",
author = "C. L. Bennett, et al.",
doi = "10.1088/0067-0049/208/2/20",
keywords = "GZK",
keywords = "WMAP"
}

@article{Askaryan:1962hbi,
      author         = "Askar'yan, G. A.",
      title          = "{Excess negative charge of an electron-photon shower and
                        its coherent radio emission}",
      journal        = "Sov. Phys. JETP",
      volume         = "14",
      year           = "1962",
      number         = "2",
      pages          = "441-443",
      note           = "[Zh. Eksp. Teor. Fiz.41,616(1961)]",
      SLACcitation   = "%%CITATION = SPHJA,14,441;%%"
}


@article{PhysRevLett.86.2802,
  title = {Observation of the Askaryan Effect: Coherent Microwave Cherenkov Emission from Charge Asymmetry in High-Energy Particle Cascades},
  author = {Saltzberg, David and Gorham, Peter and Walz, Dieter and Field, Clive and Iverson, Richard and Odian, Allen and Resch, George and Schoessow, Paul and Williams, Dawn},
  journal = {Phys. Rev. Lett.},
  volume = {86},
  issue = {13},
  pages = {2802--2805},
  numpages = {0},
  year = {2001},
  month = {Mar},
  publisher = {American Physical Society},
  doi = {10.1103/PhysRevLett.86.2802},
  url = {http://link.aps.org/doi/10.1103/PhysRevLett.86.2802}
}

@article{PhysRevD.72.023002,
  title = {Accelerator measurements of the Askaryan effect in rock salt: A roadmap toward teraton underground neutrino detectors},
  author = {Gorham, P. W. and Saltzberg, D. and Field, R. C. and Guillian, E. and Milin\ifmmode \check{c}\else \v{c}\fi{}i\ifmmode \acute{c}\else \'{c}\fi{}, R. and Mio\ifmmode \check{c}\else \v{c}\fi{}inovi\ifmmode \acute{c}\else \'{c}\fi{}, P. and Walz, D. and Williams, D.},
  journal = {Phys. Rev. D},
  volume = {72},
  issue = {2},
  pages = {023002},
  numpages = {22},
  year = {2005},
  month = {Jul},
  publisher = {American Physical Society},
  doi = {10.1103/PhysRevD.72.023002},
  url = {http://link.aps.org/doi/10.1103/PhysRevD.72.023002}
}

@article{PhysRevLett.99.171101,
  title = {Observations of the Askaryan Effect in Ice},
  author = {Gorham, P. W. and Barwick, S. W. and Beatty, J. J. and Besson, D. Z. and Binns, W. R. and Chen, C. and Chen, P. and Clem, J. M. and Connolly, A. and Dowkontt, P. F. and DuVernois, M. A. and Field, R. C. and Goldstein, D. and Goodhue, A. and Hast, C. and Hebert, C. L. and Hoover, S. and Israel, M. H. and Kowalski, J. and Learned, J. G. and Liewer, K. M. and Link, J. T. and Lusczek, E. and Matsuno, S. and Mercurio, B. and Miki, C. and Mio\ifmmode \check{c}\else \v{c}\fi{}inovi\ifmmode \acute{c}\else \'{c}\fi{}, P. and Nam, J. and Naudet, C. J. and Ng, J. and Nichol, R. and Palladino, K. and Reil, K. and Romero-Wolf, A. and Rosen, M. and Ruckman, L. and Saltzberg, D. and Seckel, D. and Varner, G. S. and Walz, D. and Wu, F.},
  collaboration = {ANITA Collaboration},
  journal = {Phys. Rev. Lett.},
  volume = {99},
  issue = {17},
  pages = {171101},
  numpages = {5},
  year = {2007},
  month = {Oct},
  publisher = {American Physical Society},
  doi = {10.1103/PhysRevLett.99.171101},
  url = {http://link.aps.org/doi/10.1103/PhysRevLett.99.171101}
}

@online{HessKolPic,
 author  = "Wikimedia Commons, Alessandro De Angelis",
 title   = "Cosmic rays: Increase of ionization with height as measured by Hess in 1912 and by Kolhörster in 1913 and 1914",
 year    = "2011",
 urlseen = "22 October 2011",
 url     = "https://commons.wikimedia.org/wiki/File%3AHessKol.jpg",
 note    = "File: HessKol.jpg"
}