@article{PhysRevD.74.043002,
  title = {Time-domain measurement of broadband coherent Cherenkov radiation},
  author = {Mio\ifmmode \check{c}\else \v{c}\fi{}inovi\ifmmode \acute{c}\else \'{c}\fi{}, P. and Field, R. C. and Gorham, P. W. and Guillian, E. and Milin\ifmmode \check{c}\else \v{c}\fi{}i\ifmmode \acute{c}\else \'{c}\fi{}, R. and Saltzberg, D. and Walz, D. and Williams, D.},
  journal = {Phys. Rev. D},
  volume = {74},
  issue = {4},
  pages = {043002},
  numpages = {10},
  year = {2006},
  month = {Aug},
  publisher = {American Physical Society},
  doi = {10.1103/PhysRevD.74.043002},
  url = {https://link.aps.org/doi/10.1103/PhysRevD.74.043002}
}


@book{EWar,
	title = {Electronic Warfare and Radar Systems},
	author = {Avionics Department},
	publisher = {Naval Air Warfare Center Weapons Division},
	year = {2013},
	edition = {4},
	isbn = {1304250792},
	url = {http://www.navair.navy.mil/nawcwd/ewssa/downloads/NAWCWD\%20TP\%208347.pdf}
}
@misc{DFT,
    author   = {Weisstein, Eric W.},
    title    = {Discrete Fourier Transform {From MathWorld---A Wolfram Web Resource}},
    howpublished      = {\url{http://mathworld.wolfram.com/Tree.html}},
    note     = {Last visited on April 1st 2017},
}
@misc{Christian,
 author = "C. Miki",
 howpublished = "private communication"
 }
	
	